<?xml version="1.0" encoding="UTF-8"?><collection xmlns="http://www.loc.gov/MARC21/slim"><record><leader>00425nam--2200145-i-4500</leader><controlfield tag="001">000032380</controlfield><controlfield tag="002">20161230</controlfield><controlfield tag="005">20170121205838</controlfield><controlfield tag="008">060222s1000------------r-----000-0-eng-d</controlfield><datafield ind1=" " ind2=" " tag="100"><subfield code="a">Minnhagen, Lennart</subfield></datafield><datafield ind1=" " ind2=" " tag="245"><subfield code="a">The strak effect of certain multiplets. A study based on calcium and barium lines</subfield></datafield><datafield ind1=" " ind2=" " tag="260"><subfield code="a">Lund</subfield><subfield code="b">Lindstedts Univ. Bokhandel</subfield><subfield code="c">1944</subfield></datafield><datafield ind1=" " ind2=" " tag="300"><subfield code="a">80 p.+ 10 Pl</subfield></datafield><datafield ind1=" " ind2=" " tag="852"><subfield code="a">5767</subfield></datafield><datafield ind1=" " ind2=" " tag="CAT"><subfield code="a">SYS</subfield><subfield code="c">20170121</subfield><subfield code="h">205838</subfield></datafield></record></collection>